%
%  An example of a bibliographical database for bibTeX
%
%  Recommended software for maintenance of *.bib files:
%    JabRef, http://jabref.sourceforge.net/
%
%  BEWARE:
%
%    *  If a name contains a capital letter, which must be kept such,
%       use curly brackets ({T}hailand, {HIV}).
%
%  ===========================================================================
@inproceedings{lokovc2019framework,
  title={A framework for effective known-item search in video},
  author={Loko{\v{c}}, Jakub and Koval{\v{c}}ik, Gregor and Sou{\v{c}}ek, Tom{\'a}{\v{s}} and Moravec, Jaroslav and {\v{C}}ech, P{\v{r}}emysl},
  booktitle={Proceedings of the 27th ACM International Conference on Multimedia},
  pages={1777--1785},
  year={2019}
}

@article{canziani2016analysis,
  title={An analysis of deep neural network models for practical applications},
  author={Canziani, Alfredo and Paszke, Adam and Culurciello, Eugenio},
  journal={arXiv preprint arXiv:1605.07678},
  year={2016}
}